@string{A       = {Atmosfera}}
@string{AMM     = {Australian Meteorological Magazine}}
@string{AJ      = {Astrophysical Journal}}
@string{AM      = {Annalen der Meteorologie}}
@string{AO      = {Applied Optics}}
@string{AOP     = {Atmospheric and Oceanic Physics (engl. transl.}}
@string{AR      = {Atmospheric Research}}
@string{ATOC    = {Atmosphere -- Ocean}}

@string{BAMS    = {Bulletin of the American Meteorological Society}}
@string{BLM     = {Boundary-Layer Meteorology}}
@string{BPA     = {Beitr"age zur Physik der Atmosph"are}}

@string{CC      = {Climate Change}}
@string{CJP     = {Canadian Journal of Physics}}

@string{GRL     = {Geophysical Research Letters}}

@string{IAOP    = {Izvestia Atmos. Oceanic Phys.}}
@string{IJRS    = {International Journal of Remote Sensing}}
@string{I3EJOE  = {IEEE Journal of Oceanic Engineering}}
@string{I3ETAP  = {IEEE Transactions on Antennas and Propagation}}
@string{I3ETGRS = {IEEE Transactions on Geoscience and Remote Sensing}}
@string{I3ETGE  = {IEEE Transactions on Geoscience Electronics}}
@string{I3ETMTT = {IEEE Transactions on Microwave Theory and Technique}}

@string{JAM     = {Journal of Applied Meteorology}}
@string{JAS     = {Journal of the Atmospheric Sciences}}
@string{JAOT    = {Journal of Atmosphere and Ocean Technology}}
@string{JC      = {Journal of Climate}}
@string{JCAM    = {Journal of Climate and Applied Meteorology}}
@string{JCHP    = {Journal of Chemical Physics}}
@string{JCP     = {Journal of Computational Physics}}
@string{JChP    = {Journal of Chemical Physics}}
@string{JGR     = {Journal of Geophysical Research}}
@string{JMSJ    = {Journal of the Meteorological Society of Japan}}
@string{JMS     = {Journal of Molecular Structure}}
@string{JOSA    = {Journal of the Optical Society of America}}
@string{JPO     = {Journal of Physical Oceanography}}
@string{JPCRD   = {Journal of Physical and Chemical Reference Data}}
@string{JQSRT   = {Journal of Quantitative Spectroscopy and Radiative Transfer}}

@string{MAP     = {Meteorology and Atmospheric Physics}}
@string{MBT     = {Meteorological Bulletin, Taiwan}}
@string{MR      = {Meteorologische Rundschau}}
@string{MZ      = {Meteorologische Zeitschrift}}
@string{MWR     = {Monthly Weather Review}}
@string{MZ      = {Meteorologische Zeitschrift}}

@string{N       = {Nature}}
@string{NWD     = {National Weather Digest}}

@string{PRD     = {Physical Review D}}
@string{PR      = {Physical Review}}

@string{QJRMS   = {Quarterly Journal of the Royal Meteorological Society}}

@string{RG      = {Review of Geophysics}}
@string{RGSP    = {Reviews of Geophysics and Space Physics}}
@string{RS      = {Radio Science}}
@string{RSE     = {Remote Sensing of Environment}}
@string{RSR     = {Remote Sensing Reviews}}
@string{RSPR    = {Remote Sensing of Polar Regions}}

@string{S       = {Science}}

@string{T       = {Tellus}}

@string{WF      = {Weather and Forecasting}}
@string{WRR     = {Water Resources Research}}



@article{buehler:artst:05,
 author  = {S. A. Buehler and P. Eriksson and T. Kuhn and A. von Engeln and 
            C. Verdes},
 title   = {{ARTS, the Atmospheric Radiative Transfer Simulator}},
 journal = JQSRT,
 volume  = {91},
 pages   = {65--93},
 doi     = {10.1016/j.jqsrt.2004.05.051},
 year    = {2005},
}

@Article{buehler:absor:11,
  author = 	 {S. A. Buehler and P. Eriksson and O. Lemke},
  title = 	 {Absorption lookup tables in the radiative transfer model ARTS},
  journal = 	 JQSRT,
  year = 	 {2011},
  volume =       {112},
  number =       {10},
  pages =        {1559--1567},
  doi =          {10.1016/j.jqsrt.2011.03.008},
  copyright =    {Elsevier},
  file =         {/members/sab/publications/2010_abs_lookup/buehler11_absorption_jqsrt.pdf},
  keywords =     {amsu, arts, hirs, infrared, microwave, odin,
                  radiative transfer, spectroscopy, water vapor},
}

@article{eriksson:studi:02,
 author  = {P. Eriksson and F. Merino and D. Murtagh and P. Baron and
            P. Ricaud and J. de La No\"e},
 title   = {Studies for the {O}din sub-millimetre radiometer:
            1. {R}adiative transfer and instrument simulation},
 journal = CJP,
 volume  = {80},
 pages   = {321--340},
 year    = {2002},
 html-abstract = {www.nrc.ca/cgi-bin/cisti/journals/rp/rp2_abst_e?cjp_p02-024_80_ns_nf_cjpS1-02},
}

@article{eriksson:06,
  author = {P. Eriksson and M. Ekstr{\"o}m and S. B{\"u}hler and C. Melzheimer},
  title = {Efficient forward modelling by matrix representation of sensor 
           responses},
  year = 2006,
  journal = IJRS,
  volume = 27,
  pages = {1793-1808}
}

@article{eriksson:arts2:11,
  author    = {P. Eriksson and S. A. Buehler and C. P. Davis and C. Emde and
               O. Lemke},
  title     = {{ARTS}, the atmospheric radiative transfer simulator, 
               Version 2},
  journal   = JQSRT,
  year      = {2011},
  volume    = {112},
  pages     = {1551--1558},
  doi       = {10.1016/j.jqsrt.2011.03.001},
  copyright = {Elsevier},
}

@article{merino:studi:02,
 author  = {F. Merino and D. Murtagh and  P. Eriksson and P. Baron and
            P. Ricaud and J. de La No\"e},
 title   = {Studies for the {O}din sub-millimetre radiometer:
            3. {P}erformance simulations},
 journal = CJP,
 volume  = {80},
 pages   = {357--373},
 year    = {2002},
 html-abstract = {www.nrc.ca/cgi-bin/cisti/journals/rp/rp2_abst_e?cjp_p01-154_80_ns_nf_cjpS1-02},
}

@article{murtagh:anove:02,
 author  = {D. Murtagh and U. Frisk and F. Merino and M. Ridal and A. Jonsson
            and J. Stegman and G. Witt and P. Eriksson and C. Jim\'enez and
            G. Megie and J. de La No\"e and P. Ricaud and P. Baron and
            J. R. Pardo and A. Hauchcorne and E. J. Llewellyn and
            D. A. Degenstein and R. L. Gattinger and N. D. Lloyd and
            W. F. J. Evans and I. C. McDade and C.S. Haley and C. Sioris and
            C. von Savigny and B. H. Solheim and J. C. McConnell and K. Strong
            and E. H. Richardson and G. W. Leppelmeier and E. Kyr\"ol\"a and
            H. Auvinen and L. Oikarinen},
 title   = {An overview of the {O}din atmospheric mission},
 journal = CJP,
 volume  = {80},
 pages   = {309--319},
 year    = {2002},
 html-abstract = {www.nrc.ca/cgi-bin/cisti/journals/rp/rp2_abst_e?cjp_p01-157_80_ns_nf_cjpS1-02},
}


@book{rodgers:00,
 Author    = {C.D. Rodgers},  
 Title     = {Inverse methods for atmospheric sounding: Theory and practise},
 Year      = 2000,
 Publisher = {World {S}cientific {P}ublishing},
 EDITION   = 1,
}
